<?xml version="1.0" encoding="UTF-8"?><collection xmlns="http://www.loc.gov/MARC21/slim"><record><leader>00416nam--2200133-i-4500</leader><controlfield tag="001">000041748</controlfield><controlfield tag="002">20161230</controlfield><controlfield tag="005">20161230201043</controlfield><controlfield tag="008">060222s1000------------r-----000-0-eng-d</controlfield><datafield ind1=" " ind2=" " tag="080"><subfield code="a">624</subfield></datafield><datafield ind1=" " ind2=" " tag="100"><subfield code="a">Sisman,Savu C</subfield></datafield><datafield ind1=" " ind2=" " tag="245"><subfield code="a">Controlul calitatii lucrarilor de constructii.(sinteza documentara)</subfield></datafield><datafield ind1=" " ind2=" " tag="260"><subfield code="a">Bucuresti, Centrul De Documentare Pentru Constructii, Arhitectura Si Sistematizare, 1971. 34 P</subfield></datafield><datafield ind1=" " ind2=" " tag="852"><subfield code="a">45505</subfield></datafield></record></collection>